<record><leader>00000cas a22000007a 4500</leader><controlfield tag="001">20975147</controlfield><controlfield tag="008">900130d19281967njuwr ne      0    0eng d</controlfield><datafield ind1=" " ind2=" " tag="010"><subfield code="a">sn 89069077 </subfield></datafield><datafield ind1=" " ind2=" " tag="040"><subfield code="a">NJW</subfield><subfield code="b">eng</subfield><subfield code="c">NJW</subfield><subfield code="d">OCLCQ</subfield></datafield><datafield ind1=" " ind2=" " tag="042"><subfield code="a">msc</subfield></datafield><datafield ind1="0" ind2="0" tag="245"><subfield code="a">Burlington press.</subfield></datafield><datafield ind1="1" ind2="3" tag="246"><subfield code="a">Burlington County news-press</subfield><subfield code="f">1967</subfield></datafield><datafield ind1="1" ind2="7" tag="246"><subfield code="a">News-press</subfield><subfield code="f">1967</subfield></datafield><datafield ind1=" " ind2=" " tag="260"><subfield code="a">Burlington, N.J. :</subfield><subfield code="b">Burlington County Pub. Co.</subfield></datafield><datafield ind1=" " ind2=" " tag="300"><subfield code="a">Weekly.</subfield></datafield><datafield ind1="1" ind2=" " tag="362"><subfield code="a">Began in 1928.</subfield></datafield><datafield ind1="0" ind2=" " tag="362"><subfield code="a">-v. 3, no. 44 (Nov. 2, 1967).</subfield></datafield><datafield ind1=" " ind2=" " tag="580"><subfield code="a">Other eds available: Burlington County news press, and: Riverside press (Riverside, N.J. : 1955), and: Tri-borough news.</subfield></datafield><datafield ind1=" " ind2=" " tag="588"><subfield code="a">Description based on: Vol. 13, no. 7 (July 4, 1940).</subfield></datafield><datafield ind1=" " ind2=" " tag="752"><subfield code="a">United States</subfield><subfield code="b">New Jersey</subfield><subfield code="c">Burlington</subfield><subfield code="d">Burlington.</subfield></datafield><datafield ind1="1" ind2=" " tag="775"><subfield code="t">Burlington County news press</subfield><subfield code="w">(DLC)sn 93060888</subfield><subfield code="w">(OCoLC)27290539</subfield></datafield><datafield ind1="1" ind2=" " tag="775"><subfield code="t">Riverside press (Riverside, N.J. : 1955)</subfield><subfield code="w">(DLC)sn 93060886</subfield><subfield code="w">(OCoLC)27238854</subfield></datafield><datafield ind1="1" ind2=" " tag="775"><subfield code="t">Tri-borough news</subfield><subfield code="w">(DLC)sn 93060887</subfield><subfield code="w">(OCoLC)27290187</subfield></datafield><datafield ind1="1" ind2=" " tag="775"><subfield code="t">Willingboro news press</subfield></datafield></record>